<?xml version="1.0" encoding="utf-8"?>
<record xmlns="http://www.loc.gov/MARC21/slim" xmlns:xsi="http://www.w3.org/2001/XMLSchema-instance" xsi:schemaLocation="http://www.loc.gov/MARC21/slim http://www.loc.gov/standards/marcxml/schema/MARC21slim.xsd">
	<leader>     nam a22        4500</leader>
	<controlfield tag="001">b12432155</controlfield>
	<controlfield tag="003">LeBAU</controlfield>
	<controlfield tag="006">m        d        </controlfield>
	<controlfield tag="007">cr cn |||m|||a</controlfield>
	<controlfield tag="008">170120s1900    ua      o     000 0 ara d</controlfield>
	<datafield ind1=" " ind2=" " tag="040">
		<subfield code="a">NNU</subfield>
		<subfield code="b">ara</subfield>
		<subfield code="e">rda</subfield>
		<subfield code="c">NNU</subfield>
	</datafield>
	<datafield ind1=" " ind2="4" tag="050">
		<subfield code="a">KBP300.N37</subfield>
		<subfield code="b">A34 1900</subfield>
	</datafield>
	<datafield ind1="0" ind2="4" tag="082">
		<subfield code="a">349.297</subfield>
		<subfield code="2">20</subfield>
	</datafield>
	<datafield ind1="1" ind2=" " tag="100">
		<subfield code="6">880-01</subfield>
		<subfield code="a">Afghānī, ʻAbd al-Ḥakīm,</subfield>
		<subfield code="d">1835 or 1836-1908 or 1909,</subfield>
		<subfield code="e">author.</subfield>
	</datafield>
	<datafield ind1="1" ind2="0" tag="245">
		<subfield code="6">880-02</subfield>
		<subfield code="a">Kitāb kashf al-ḥaqāyiq sharḥ kanz al-daqā’iq /</subfield>
		<subfield code="c">lil-Imām al-Qudwah al-Faqīh al-wara‘ al-zāhid baqiyat al-salaf wa-‘ayn a‘yān al-khalaf al-ustādh al-ajal al-Shaykh ‘Abd al-Ḥakīm al-Afghānī nazīl Dimashq al-Shām. Wa-bihāmishihi sharḥ al-Imām al-ajal al-muḥaqqiq ‘Allāmat al-Ummah fī al-ma‘qūl wa-al-manqūl wa-wāḥid al-a’immah fī al-furū‘ wa-al-uṣūl ‘Ubayd Allāh ibn Mas‘ūd al-mashhūr bi-Ṣadr al-Sharī‘ah ‘alá matn al-wiqāyah li-jaddih al-Imām al-Ajal Tāj al-Sharī‘ah.</subfield>
	</datafield>
	<datafield ind1="3" ind2="0" tag="246">
		<subfield code="6">880-03</subfield>
		<subfield code="a">kashf al-ḥaqāyiq sharḥ kanz al-daqā’iq</subfield>
	</datafield>
	<datafield ind1="3" ind2=" " tag="246">
		<subfield code="6">880-04</subfield>
		<subfield code="a">Kitāb kashf al-ḥaqā’iq sharḥ kanz al-daqā’iq</subfield>
	</datafield>
	<datafield ind1="3" ind2=" " tag="246">
		<subfield code="6">880-05</subfield>
		<subfield code="a">kashf al-ḥaqā’iq sharḥ kanz al-daqā’iq</subfield>
	</datafield>
	<datafield ind1=" " ind2="1" tag="264">
		<subfield code="6">880-06</subfield>
		<subfield code="a">Miṣr :</subfield>
		<subfield code="b">al-Maṭba‘ah al-Adabīyah,</subfield>
		<subfield code="c">1318 [H.], [1900? M.]</subfield>
	</datafield>
	<datafield ind1=" " ind2=" " tag="300">
		<subfield code="6">880-07</subfield>
		<subfield code="a">online resource (1 volume (362 pages))</subfield>
	</datafield>
	<datafield ind1=" " ind2=" " tag="336">
		<subfield code="a">text</subfield>
		<subfield code="2">rdacontent</subfield>
	</datafield>
	<datafield ind1=" " ind2=" " tag="337">
		<subfield code="a">computer</subfield>
		<subfield code="2">rdamedia</subfield>
	</datafield>
	<datafield ind1=" " ind2=" " tag="338">
		<subfield code="a">online resource</subfield>
		<subfield code="2">rdacarrier</subfield>
	</datafield>
	<datafield ind1=" " ind2=" " tag="500">
		<subfield code="a">Part of the Arabic Collections Online (ACO) project, contributed by American University of Beirut's Jafet Memorial Library.</subfield>
	</datafield>
	<datafield ind1=" " ind2=" " tag="533">
		<subfield code="a">Electronic reproduction.</subfield>
		<subfield code="b">New York, N.Y. :</subfield>
		<subfield code="c">New York University,</subfield>
		<subfield code="d">2017.</subfield>
		<subfield code="5">NNU</subfield>
	</datafield>
	<datafield ind1="1" ind2="0" tag="600">
		<subfield code="6">880-08</subfield>
		<subfield code="a">Nasafī, Abū al-Barakāt ʻAbd Allāh ibn Aḥmad,</subfield>
		<subfield code="d">-1310.</subfield>
		<subfield code="t">Kanz al-daqāʼiq.</subfield>
	</datafield>
	<datafield ind1="1" ind2="0" tag="600">
		<subfield code="6">880-09</subfield>
		<subfield code="a">Ṣadr al-Sharīʻah al-Aṣghar, ʻUbayd Allāh ibn Masʻūd ibn Aḥmad al-Maḥbūbī,</subfield>
		<subfield code="d">-1346.</subfield>
		<subfield code="t">Sharḥ al-Wiqāyah.</subfield>
	</datafield>
	<datafield ind1="1" ind2="0" tag="600">
		<subfield code="6">880-10</subfield>
		<subfield code="a">Ṣadr al-Sharīʻah al-Aṣghar, ʻUbayd Allāh ibn Masʻūd ibn Aḥmad al-Maḥbūbī,</subfield>
		<subfield code="d">-1346.</subfield>
		<subfield code="t">Sharḥ al-Wiqāyah.</subfield>
	</datafield>
	<datafield ind1=" " ind2="0" tag="650">
		<subfield code="6">880-11</subfield>
		<subfield code="a">Islamic law</subfield>
		<subfield code="x">Interpretation and construction</subfield>
		<subfield code="v">Early works to 1800.</subfield>
	</datafield>
	<datafield ind1=" " ind2="0" tag="650">
		<subfield code="6">880-12</subfield>
		<subfield code="a">Hanafites</subfield>
		<subfield code="v">Early works to 1800.</subfield>
	</datafield>
	<datafield ind1="1" ind2="2" tag="700">
		<subfield code="6">880-13</subfield>
		<subfield code="a">Ṣadr al-Sharīʻah al-Aṣghar, ʻUbayd Allāh ibn Masʻūd ibn Aḥmad al-Maḥbūbī,</subfield>
		<subfield code="d">-1346.</subfield>
		<subfield code="t">Sharḥ al-wiqāyah.</subfield>
	</datafield>
	<datafield ind1="1" ind2=" " tag="700">
		<subfield code="6">880-14</subfield>
		<subfield code="a">‘Aṭṭār, Mas‘ūd,</subfield>
		<subfield code="e">corrector.</subfield>
	</datafield>
	<datafield ind1="2" ind2=" " tag="710">
		<subfield code="a">Jafet Memorial Library.</subfield>
	</datafield>
	<datafield ind1="0" ind2=" " tag="730">
		<subfield code="a">Arabic Collections Online.</subfield>
	</datafield>
	<datafield ind1="0" ind2="8" tag="776">
		<subfield code="i">Print version:</subfield>
		<subfield code="a">Afghānī, ʻAbd al-Ḥakīm, 1835 or 1836-1908 or 1909, author.</subfield>
		<subfield code="t">Kitāb kashf al-ḥaqāyiq sharḥ kanz al-daqā’iq</subfield>
		<subfield code="w">(LeBAU)b12432155</subfield>
	</datafield>
	<datafield ind1="4" ind2="0" tag="856">
		<subfield code="u">http://hdl.handle.net/2333.1/12jm6856</subfield>
	</datafield>
	<datafield ind1="1" ind2=" " tag="880">
		<subfield code="6">100-01/r</subfield>
		<subfield code="a">أفغاني، عبد الحكيم،</subfield>
		<subfield code="d">1835-1908،</subfield>
		<subfield code="e">author.</subfield>
	</datafield>
	<datafield ind1="1" ind2="0" tag="880">
		<subfield code="6">245-02/r</subfield>
		<subfield code="a">كتاب كشف الحقايق شرح كنز الدقائق /</subfield>
		<subfield code="c">للإمام القدوة الفقيه الورع الزاهد بقية السلف وعين اعيان الخلف الأستاذ الأجل الشيخ عبد الحكيم الأفغاني نزيل دمشق الشام. وبهامشه شرح الإمام الأجل المحقق علامة الأمة في المعقول والمنقول وواحد الأئمة في الفروع والأصول عبيد الله ابن مسعود المشهور بصدر الشريعة على متن الوقاية لجده الإمام الأجل تاج الشريعة.</subfield>
	</datafield>
	<datafield ind1="3" ind2="0" tag="880">
		<subfield code="6">246-03/r</subfield>
		<subfield code="a">كشف الحقايق شرح كنز الدقائق</subfield>
	</datafield>
	<datafield ind1="3" ind2=" " tag="880">
		<subfield code="6">246-04/r</subfield>
		<subfield code="a">كتاب كشف الحقائق شرح كنز الدقائق</subfield>
	</datafield>
	<datafield ind1="3" ind2=" " tag="880">
		<subfield code="6">246-05/r</subfield>
		<subfield code="a">كشف الحقائق شرح كنز الدقائق</subfield>
	</datafield>
	<datafield ind1=" " ind2="1" tag="880">
		<subfield code="6">264-06/r</subfield>
		<subfield code="a">مصر :</subfield>
		<subfield code="b">المطبعة الأدبية،</subfield>
		<subfield code="c">1318 [هـ.]، [1900؟ م.]</subfield>
	</datafield>
	<datafield ind1=" " ind2=" " tag="880">
		<subfield code="6">300-07/r</subfield>
		<subfield code="a">1 جزء (362 صفحة) ؛</subfield>
		<subfield code="c">28 سم</subfield>
	</datafield>
	<datafield ind1=" " ind2=" " tag="880">
		<subfield code="6">500-00/r</subfield>
		<subfield code="a">الجزء الثاني: &quot;كتاب كشف الحقائق شرح كنز الدقائق مع حواش عليه مفصولة عنه بجدول في الصلب كلاهما للإمام القدوة الفقيه الورع الزاهد بقية السلف وعين أعيان الخلف الأستاذ الأجل الشيخ عبد الحكيم الأفغان نزيل دمشق الشام حفظه الله ونفعنا به.&quot;</subfield>
	</datafield>
	<datafield ind1=" " ind2=" " tag="880">
		<subfield code="6">500-00/r</subfield>
		<subfield code="a">الجزء الثاني: تصحيح الشيخ محمود العطار.</subfield>
	</datafield>
	<datafield ind1=" " ind2=" " tag="880">
		<subfield code="6">500-00/r</subfield>
		<subfield code="a">2 جزء ببليوغرافي في 1 جزء مادي.</subfield>
	</datafield>
	<datafield ind1="1" ind2="4" tag="880">
		<subfield code="6">600-08/r</subfield>
		<subfield code="a">نسفي، ابو البركات عبد الله بن احمد،</subfield>
		<subfield code="d">-1310.</subfield>
		<subfield code="t">كنز الدقائق.</subfield>
	</datafield>
	<datafield ind1="1" ind2="4" tag="880">
		<subfield code="6">600-09/r</subfield>
		<subfield code="a">صدر الشريعة الاصغر، عبيد الله بن مسعود بن احمد المحبوبي،</subfield>
		<subfield code="d">-1346.</subfield>
		<subfield code="t">شرح الوقاية.</subfield>
	</datafield>
	<datafield ind1="1" ind2="4" tag="880">
		<subfield code="6">600-10/r</subfield>
		<subfield code="a">صدر الشريعة الأول، احمد بن عبيد الله،</subfield>
		<subfield code="d">-1232.</subfield>
		<subfield code="t">وقاية الرواية في مسائل الهداية.</subfield>
	</datafield>
	<datafield ind1=" " ind2="4" tag="880">
		<subfield code="6">650-11/r</subfield>
		<subfield code="a">الفقه الاسلامي</subfield>
		<subfield code="x">تفسير وبنية</subfield>
		<subfield code="v">أعمال قديمة حتى 1800.</subfield>
	</datafield>
	<datafield ind1=" " ind2="4" tag="880">
		<subfield code="6">650-12/r</subfield>
		<subfield code="a">المذهب الحنفي</subfield>
		<subfield code="v">أعمال قديمة حتى 1800.</subfield>
	</datafield>
	<datafield ind1="1" ind2="2" tag="880">
		<subfield code="6">700-13/r</subfield>
		<subfield code="a">صدر الشريعة الاصغر، عبيد الله بن مسعود بن احمد المحبوبي،</subfield>
		<subfield code="d">-1346.</subfield>
		<subfield code="t">شرح الوقاية.</subfield>
	</datafield>
	<datafield ind1="1" ind2=" " tag="880">
		<subfield code="6">700-14/r</subfield>
		<subfield code="a">عطار، مسعود،</subfield>
		<subfield code="e">corrector.</subfield>
	</datafield>
	<datafield ind1=" " ind2=" " tag="959">
		<subfield code="a">NNU</subfield>
		<subfield code="b">WEB</subfield>
		<subfield code="c">GENI</subfield>
		<subfield code="t">0</subfield>
		<subfield code="m">Electronic access</subfield>
		<subfield code="s">01</subfield>
	</datafield>
	<datafield ind1=" " ind2=" " tag="999">
		<subfield code="i">LeBAU_b12432155</subfield>
		<subfield code="s">aub_aco000284:v.1-2</subfield>
		<subfield code="e">(ERROR-MISC)</subfield>
		<subfield code="s">aub_aco000284:v.1-2</subfield>
	</datafield>
</record>
